<record><leader>00000cas a22000007a 4500</leader><controlfield tag="001">13303854</controlfield><controlfield tag="008">860317d19021941pauwr ne      0    0eng d</controlfield><datafield ind1=" " ind2=" " tag="010"><subfield code="a">sn 86081178 </subfield></datafield><datafield ind1=" " ind2=" " tag="040"><subfield code="a">NPH</subfield><subfield code="b">eng</subfield><subfield code="c">NPH</subfield><subfield code="d">OCLCQ</subfield></datafield><datafield ind1=" " ind2=" " tag="042"><subfield code="a">msc</subfield></datafield><datafield ind1="0" ind2=" " tag="130"><subfield code="a">Knoxville courier (Knoxville, Pa. : 1902)</subfield></datafield><datafield ind1="1" ind2="0" tag="245"><subfield code="a">Knoxville courier.</subfield></datafield><datafield ind1=" " ind2=" " tag="260"><subfield code="a">Knoxville, Tioga County, Pa. :</subfield><subfield code="b">Chas. E. Brugler</subfield></datafield><datafield ind1=" " ind2=" " tag="300"><subfield code="a">v. ;</subfield><subfield code="c">33-61 cm.</subfield></datafield><datafield ind1=" " ind2=" " tag="310"><subfield code="a">Weekly</subfield></datafield><datafield ind1="1" ind2=" " tag="362"><subfield code="a">Began in 1902.</subfield><subfield code="z">Cf. Rossell, G. Pa. newspapers.</subfield></datafield><datafield ind1="1" ind2=" " tag="362"><subfield code="a">Ceased with Sept. 17, 1941 issue?</subfield></datafield><datafield ind1=" " ind2=" " tag="500"><subfield code="a">Published every Wednesday.</subfield></datafield><datafield ind1=" " ind2=" " tag="500"><subfield code="a">Printed in Westfield for Knoxville and vicinity, 1940-1941.</subfield></datafield><datafield ind1=" " ind2=" " tag="588"><subfield code="a">Description based on: 20th yr., no. 38 (Sept. 17, 1902).</subfield></datafield><datafield ind1=" " ind2=" " tag="752"><subfield code="a">United States</subfield><subfield code="b">Pennsylvania</subfield><subfield code="c">Tioga</subfield><subfield code="d">Knoxville.</subfield></datafield><datafield ind1="0" ind2="0" tag="780"><subfield code="t">Knoxville courier and Tioga County independent</subfield><subfield code="w">(DLC)sn 86081177</subfield></datafield><datafield ind1="0" ind2="7" tag="785"><subfield code="t">Westfield free press</subfield><subfield code="w">(DLC)sn 86081159</subfield></datafield><datafield ind1="0" ind2="7" tag="785"><subfield code="t">Free press-courier continuing the Westfield free press and Knoxville courier</subfield><subfield code="w">(DLC)sn 86081158</subfield></datafield></record>